%=================================================================================
%
% INSO - Industrial Software
%
% Author: Stefan Taber
% Date: 04.03.2011
%=================================================================================
% README
%=================================================================================
%
% Literature database. If you don't want to manually write BibTeX-Files we
% recommend to use JabRef to manage the BibTeX file.
%
% Nameconvention:
%---------------------------------------------------------------------------------
%
% Key: <first-author>:<year>:<title>
% Author: <lastname>, <first name(s)> [and <lastname>, <first name(s)>]*
%
% Example:
%---------------------------------------------------------------------------------
%
% INBOOK{fankhauser:2009:softwaretechnik-security,
%   chapter = {13},
%   pages = {589--646},
%   title = {Softwaretechnik - Mit Fallbeispielen aus realen Entwicklungsprojekten},
%   publisher = {Pearson Studium},
%   year = {2009},
%   author = {Fankhauser, Florian and Schanes, Christian and Brem, Christian},
%   address = {M{\"u}nchen},
%   edition = {1},
%   bibsource = {esse},
%   url = {http://www.inso.tuwien.ac.at/publications/softwaretechnik/},
%   urldate = {2017-01-16}
% }
%
%=================================================================================

%TODO Please insert your literature afterwards:

@MISC{enisa:mpSecurity,
  title = {Security of Mobile Payments and Digital Wallets},
  publisher = {European Agency for Network and Information Security},
  year = {2016},
  author = {European Agency for Network and Information Security},
  url = {https://www.enisa.europa.eu/publications/mobile-payments-security},
  urldate = {2017-07-16}
}

@MISC{smartcard:mpSecurity,
	title = {Security of Proximity Mobile Payments},
	publisher = {Smart Card Alliance},
	year = {2009},
	author = {Smart Card Alliance},
	url = {https://www.securetechalliance.org/resources/pdf/Security_of_Proximity_Mobile_Payments.pdf},
	urldate = {2017-07-16}
}

@ARTICLE{mpSecurity:Threats:Challenges,
	title = {Mobile payment security, threats, and challenges},
	publisher = {IEEE},
	journal = {2016 Second International Conference on Mobile and Secure Services (MobiSecServ)},
	year = {2016},
	author = {Yong Wang and Christen Hahn and Kruttika Sutrave},
	url = {http://ieeexplore.ieee.org/xpls/icp.jsp?arnumber=7440226&tag=1},
	bibsource = {IEEE Xplore Digital Library},
	urldate = {2017-07-16}
}

@MISC{pciGuidelines,
	title = {PCI Mobile Payment Acceptance Security Guidelines for Developers},
	publisher = {PCI Security Standards Council},
	year = {2012},
	edition = {1.0},
	author = {Emerging Technologies, PCI Security Standards Council},
	url = {https://www.pcisecuritystandards.org/documents/Mobile_Payment_Security_Guidelines_Developers_v1.pdf},
	urldate = {2017-07-16}
}

@ARTICLE{malwareDetection,
	title = {Malware detection in android application by rigorous analysis of decompiled source code},
	publisher = {IEEE},
	journal = {2016 International Conference on Computing Communication Control and automation (ICCUBEA)},
	year = {2016},
	author = {Pankaj Tiwari and Girish Tere and Pooja Singh},
	url = {http://ieeexplore.ieee.org/document/7860070/},
	bibsource = {IEEE Xplore Digital Library},
	urldate = {2017-07-16}
}

@MISC{reverseEngineeringAndroid,
	title = {Reverse Engineering of Malware on Android},
	publisher = {SANS Institute InfoSec Reading Room},
	year = {2011},
	author = {Vibha Manjunath},
	url = {https://www.sans.org/reading-room/whitepapers/pda/reverse-engineering-malware-android-33769},
	urldate = {2017-07-16}
}
	
@MISC{visaScureMp,
	title = {Secure Mobile Payment Systems - Recommendations for Building, Managing and Deploying},
	year = {2014},
	author = {Visa Europe},
	url = {https://www.visaeurope.com/media/pdf/secure%20mobile%20payment%20systems%20guide.pdf},
	urldate = {2017-07-16}
}

@MISC{ecbRecommendations,
	title = {RECOMMENDATIONS FOR THE SECURITY OF MOBILE PAYMENTS},
	year = {2013},
	author = {European Central Bank},
	url = {https://www.ecb.europa.eu/paym/cons/pdf/131120/recommendationsforthesecurityofmobilepaymentsdraftpc201311en.pdf},
	urldate = {2017-07-16}
}

@Article{pickingVirtualPockets,
	title = {Picking Virtual Pockets using Relay Attacks on Contactless Smartcard},
	journal = {First International Conference on Security and Privacy for Emerging Areas in Communications Networks (SECURECOMM'05)},
	year = {2005},
	author = {Z. Kfir and A. Wool},
	url = {http://ieeexplore.ieee.org/abstract/document/1607558/},
	bibsource = {IEEE Xplore Digital Library},
	urldate = {2018-01-15}
}

@Article{practicalNfcPeerToPeerRelayMobilePhones,
	title = {Practical NFC Peer-to-Peer Relay Attack Using Mobile Phones},
	journal = {International Workshop on Radio Frequency Identification: Security and Privacy Issues},
	year = {2010},
	author = {Lishoy Francis and Gerhard Hancke and Keith Mayes and Konstantinos Markantonakis},
	url = {https://link.springer.com/chapter/10.1007/978-3-642-16822-2_4},
	bibsource = {SpringerLink},
	urldate = {2018-01-15}
}

@MISC{practicalRelayContactlessTransactions,
	title = {Practical Relay Attack on Contactless Transactions by Using NFC Mobile Phones},
	year = {2011},
	author = {Lishoy Francis and Gerhard Hancke and Keith Mayes and Konstantinos Markantonakis},
	url = {http://modsec.zimmerle.org/wireless-sec-papers/Practical%20Relay%20Attack%20on%20Contactless%20Transactions%20by%20Using%20NFC%20Mobile%20Phones.pdf},
	urldate = {2018-01-15}
}

@Mastersthesis{relayAttackOfNfcSmartCards,
	title = {Relay attacks of NFC smart cards},
	author = {Xiquing Chu},
	school = {Norwegian University of Science and Technology - Trondheim},
	year = {2014},
	url = {https://brage.bibsys.no/xmlui/bitstream/handle/11250/262988/742061_FULLTEXT01.pdf?sequence=1&isAllowed=y]},
	urldate = {2018-01-15}
}

@Article{practicalNfcAttackmobileDevices,
	title = {A practical NFC relay attack on mobile devices using card emulation mode},
	publisher = {IEEE},
	journal = {2015 38th International Convention on Information and Communication Technology, Electronics and Microelectronics (MIPRO)},
	year = {2015},
	author = {D. Cavdar and E. Tomur},
	url = {http://ieeexplore.ieee.org/document/7160477/?reload=true},
	bibsource = {IEEE Xplore Digital Library},
	urldate = {2018-01-15}
}

@Article{practicalExperiencesNfcRelayAndroid,
	title = {Practical Experiences on NFC Relay Attacks with Android},
	journal = {International Workshop on Radio Frequency Identification: Security and Privacy Issues},
	year = {2015},
	author = {Jos{\'e} Vila and Ricardo J. Rodr\'iguez},
	url = {https://link.springer.com/chapter/10.1007/978-3-319-24837-0_6},
	bibsource = {SpringerLink},
	urldate = {2018-01-15}
}

@Article{nfcRelayWithOffTheShelfHardAndSoftware,
	title = {An NFC Relay Attack with Off-the-shelf Hardware and Software},
	journal = {10th IFIP WG 6.6 International Conference
	on Autonomous Infrastructure, Management, and Security, AIMS 2016},
	year = {2016},
	author = {Thomas Bocek and Christian Killer and Christos Tsiaras and Burkhard Stiller},
	url = {https://link.springer.com/chapter/10.1007/978-3-319-39814-3_8},
	urldate = {2018-01-15}
}

@MISC{midletwiki,
	title = {MIDlet},
	year = {2013},
	url = {https://de.wikipedia.org/wiki/MIDlet},
	urldate = {2018-01-17}
}

@MISC{sonyPhillipsNfcPressRelease,
	title = {PHILIPS AND SONY ANNOUNCE STRATEGIC COOPERATION TO DEFINE NEXT GENERATION NEAR FIELD RADIO-FREQUENCY COMMUNICATIONS},
	author = {Sony Corporation and Philips},
	year = {2002},
	url = {https://www.sony.net/SonyInfo/News/Press_Archive/200209/02-0905E/},
	urldate = {2018-01-24}
}

@MISC{nfcForum,
	title = {NFC Forum}
	url = {https://nfc-forum.org/}
}

@MISC{nfcTechVulnAttack,
	title = {Near Field Communication (NFC) Technology, Vulnerabilities and Principal Attack Schema},
	year = {2013},
	author = {Infosec Institute},
	url = {http://resources.infosecinstitute.com/near-field-communication-nfc-technology-vulnerabilities-and-principal-attack-schema/},
	urldate = {2018-01-24}
}

@MISC{practExpNfcSecurity,
	title = {Practical Experiences with NFC Security on
	mobile Phones},
	author = {Gauthier Van Damme and Karel Wouters},
	year = {2009},
	url = {https://www.esat.kuleuven.be/cosic/publications/article-1288.pdf},
	urldate = {2018-01-25}
}

@Article{nfcSecurityAnalysisAndVulnerabilities,
	title = {NFC security analysis and vulnerabilities in healthcare applications},
	journal = { Communications, Computers and Signal Processing (PACRIM), 2013 IEEE Pacific Rim Conference},
	year = {2013},
	author = {Ali Alzahrani and Abdullah Alqhtani and Haytham Elmiligi and Fayez Gebali and Mohamed S. Yasein},
	url = {http://ieeexplore.ieee.org/xpls/icp.jsp?arnumber=6625493},
	bibsource = {IEEE Xplore Digital Library},
	urldate = {2018-01-25}
}

@Article{nfcDevicesSecurityPrivacy,
	title = {NFC Devices: Security and Privacy},
	journal = {2008 Third International Conference on Availability, Reliability and Security},
	year = {2008},
	author = {Gerald Madlmayr and Josef Langer and Christian Kantner and Josef Scharinger},
	url = {http://ieeexplore.ieee.org/abstract/document/4529403/?part=1},
	bibsource = {IEEE Xplore Digital Library},
	urldate = {2018-01-25}
}

@MISC{securityNfc,
	title = {Security in Near Field Communication (NFC)},
	author = {Ernst Haselsteiner and Klemens Breitfuß},
	year = {2006},
	url = {https://s3.amazonaws.com/academia.edu.documents/8360228/002%20-%20security%20in%20nfc.pdf?AWSAccessKeyId=AKIAIWOWYYGZ2Y53UL3A&Expires=1516912912&Signature=sib36KcnIO0AAbNxqdEjxuId6TY%3D&response-content-disposition=inline%3B%20filename%3DSecurity_in_near_field_communication_NFC.pdf},
	urldate = {2018-01-25}
}

@Article{nfcVulnerabilitiesDefense,
	title = {NFC — Vulnerabilities and defense},
	journal = {2014 Conference on Information Assurance and Cyber Security (CIACS)},
	year = {2014},
	author = {Naveed Ashraf Chattha},
	url = {http://ieeexplore.ieee.org/stamp/stamp.jsp?tp=&arnumber=6861328},
	bibsource = {IEEE Xplore Digital Library},
	urldate = {2018-01-25}
}

@MISC{debitkarte,
	title = {FAQ - Was ist eine Debitkarte?},
	author = {Kreditkarten.info}
	url = {http://www.kreditkarten.info/faq/was-ist-eine-debitkarte/},
	urldate = {2018-01-25}
}

@MISC{rtt,
	title = {RTT (round trip time},
	author = {ITWissen.info},
	year = {2014},
	url = {http://www.itwissen.info/round-trip-time-RTT.html},
	urldate = {2018-01-25}
}

@MISC{wiki-apdu,
	title = {Application Protocol Data Unit},
	author = {Wikipedia},
	year = {2017},
	url = {https://de.wikipedia.org/wiki/Application_Protocol_Data_Unit},
	urldate = {2018-01-25}
}

@MISC{androidHce,
	title = {Host-based Card Emulation},
	author = {Android Developers},
	url = {https://developer.android.com/guide/topics/connectivity/nfc/hce.html},
	urldate = {2018-01-25}
}

@MISC{terminalSimulator,
	title = {Terminal Simulator},
	url = {https://www.terminalsimulator.com/},
	urldate = {2018-01-25}
}




